<record><leader>00000cas a2200000 a 4500</leader><controlfield tag="001">11531142</controlfield><controlfield tag="008">841228d19001903ksuwr ne      0   a0eng d</controlfield><datafield ind1=" " ind2=" " tag="010"><subfield code="a">sn 84030379 </subfield></datafield><datafield ind1=" " ind2=" " tag="040"><subfield code="a">KSH</subfield><subfield code="b">eng</subfield><subfield code="c">KSH</subfield><subfield code="d">NPT</subfield><subfield code="d">OCL</subfield><subfield code="d">OCLCQ</subfield></datafield><datafield ind1=" " ind2=" " tag="042"><subfield code="a">msc</subfield></datafield><datafield ind1="0" ind2=" " tag="130"><subfield code="a">Weekly bulletin (Anthony, Kan. : 1900)</subfield></datafield><datafield ind1="1" ind2="0" tag="245"><subfield code="a">Weekly bulletin.</subfield></datafield><datafield ind1=" " ind2=" " tag="260"><subfield code="a">Anthony, Kan. :</subfield><subfield code="b">W.L. Hutchinson,</subfield><subfield code="c">1900-1903.</subfield></datafield><datafield ind1=" " ind2=" " tag="300"><subfield code="a">3 v. :</subfield><subfield code="b">ill. ;</subfield><subfield code="c">55 cm.</subfield></datafield><datafield ind1=" " ind2=" " tag="310"><subfield code="a">Weekly</subfield></datafield><datafield ind1="0" ind2=" " tag="362"><subfield code="a">Vol. 2, no. 15 (Feb. 8, 1900)-v. 5, no. 20 (Mar. 12, 1903).</subfield></datafield><datafield ind1=" " ind2=" " tag="525"><subfield code="a">Some issues have supplements.</subfield></datafield><datafield ind1="0" ind2="0" tag="780"><subfield code="t">Weekly bulletin and encomiast</subfield><subfield code="w">(DLC)sn 84030380</subfield></datafield><datafield ind1="0" ind2="0" tag="785"><subfield code="t">Anthony bulletin</subfield><subfield code="w">(DLC)sn 84030382</subfield></datafield></record>